@article{bolton1999strategic,
  title={Strategic experimentation},
  author={Bolton, Patrick and Harris, Christopher},
  journal={Econometrica},
  volume={67},
  number={2},
  pages={349--374},
  year={1999},
  publisher={Wiley Online Library}
}

@article{keller2005strategic,
  title={Strategic experimentation with exponential bandits},
  author={Keller, Godfrey and Rady, Sven and Cripps, Martin},
  journal={Econometrica},
  volume={73},
  number={1},
  pages={39--68},
  year={2005},
  publisher={Wiley Online Library}
}

@article{keller2010strategic,
  title={Strategic experimentation with Poisson bandits},
  author={Keller, Godfrey and Rady, Sven},
  journal={Theoretical Economics},
  volume={5},
  number={2},
  pages={275--311},
  year={2010},
  publisher={Wiley Online Library}
}

@article{keller2015breakdowns,
  title={Breakdowns},
  author={Keller, Godfrey and Rady, Sven},
  journal={Theoretical Economics},
  volume={10},
  number={1},
  pages={175--202},
  year={2015},
  publisher={Wiley Online Library}
}

@article{horner2022overcoming,
  title={Overcoming free-riding in bandit games},
  author={H{\"o}rner, Johannes and Klein, Nicolas and Rady, Sven},
  journal={The Review of Economic Studies},
  volume={89},
  number={4},
  pages={1948--1992},
  year={2022},
  publisher={Oxford University Press}
}

@techreport{keller2009brownian,
  title={Brownian motion and normally distributed beliefs},
  author={Keller, Godfrey},
  year={2009},
  institution={Working Paper, University of Oxford December}
}

@article{chernoff1968optimal,
  title={Optimal stochastic control},
  author={Chernoff, Herman},
  journal={Sankhy{\=a}: The Indian Journal of Statistics, Series A},
  pages={221--252},
  year={1968},
  publisher={JSTOR}
}

@article{keller2020undiscounted,
  title={Undiscounted bandit games},
  author={Keller, Godfrey and Rady, Sven},
  journal={Games and Economic Behavior},
  volume={124},
  pages={43--61},
  year={2020},
  publisher={Elsevier}
}

@article{horner2017learning,
  title={Learning, experimentation and information design},
  author={H{\"o}rner, Johannes and Skrzypacz, Andrzej},
  journal={Advances in Economics and Econometrics},
  volume={1},
  pages={63--98},
  year={2017}
}